<?xml version="1.0" encoding="UTF-8"?><collection xmlns="http://www.loc.gov/MARC21/slim"><record><leader>00561nam--2200193-i-4500</leader><controlfield tag="001">000018209</controlfield><controlfield tag="002">20161230</controlfield><controlfield tag="005">20161230201032</controlfield><controlfield tag="008">060222s1000------------r-----000-0-eng-d</controlfield><datafield ind1=" " ind2=" " tag="040"><subfield code="a">IFIN-HH</subfield></datafield><datafield ind1=" " ind2=" " tag="080"><subfield code="a">53</subfield></datafield><datafield ind1="1" ind2=" " tag="100"><subfield code="a">Forsythe, W. Elmer</subfield></datafield><datafield ind1="1" ind2="0" tag="245"><subfield code="a">Smithsonian physical tables</subfield><subfield code="c">Elmer w. forsythe</subfield></datafield><datafield ind1=" " ind2=" " tag="250"><subfield code="a">Ninth Revised Edition (Firstt Reprint)</subfield></datafield><datafield ind1=" " ind2=" " tag="260"><subfield code="a">Washington</subfield><subfield code="b">Smithsonian Institution</subfield><subfield code="c">1956</subfield></datafield><datafield ind1=" " ind2=" " tag="300"><subfield code="a">VI + 827 P</subfield></datafield><datafield ind1=" " ind2=" " tag="490"><subfield code="a">Smithsonian Miscellaneous Collections Vol. 120</subfield></datafield><datafield ind1=" " ind2=" " tag="852"><subfield code="a">13049</subfield><subfield code="c">53.081</subfield></datafield><datafield ind1=" " ind2=" " tag="CAT"><subfield code="a">Sys</subfield><subfield code="c">20151112</subfield><subfield code="h">132646</subfield></datafield></record></collection>